% Encoding: UTF-8

% ABBREVIATIONS

@abbreviation{gui,
  short="GUI",
  long="graphical user interface",
  description = {An application with windows and buttons in which the user
      can point and click with the mouse.}
}

@commonabbreviation{pdf,
  short = {PDF},
  long = {portable document format}
}

@commonabbreviation{html,
  short = {HTML},
  long = {hypertext markup language}
} 
  
@commonabbreviation{xml,
  short = {XML},
  long = {extensible markup language}
} 

@entry{ajr,
  name="AJR",
  description = {FlowframTk's native ASCII format. Files in this format 
      should have the extension \ext{ajr}. This format is 
      primarily provided to assist conversion to and from \gls{jdr} files 
      or for version control.}
}


% FILE EXTENSIONS/FORMATS

@fileext{ext.jdr}
@fileext{ext.ajr}

% APPLICATIONS

@application{app.flowframtk,
  name={\appfmt{flow\-fram\-tk}}
}

@application{app.jdrview,
  name={\appfmt{jdr\-view}}
}


