% Encoding: UTF-8

% ABBREVIATIONS

@abbreviation{jdk,
  short="JDK",
  long="Java Standard Edition SDK",
  description = {A development environment for building
       applications, applets and components using the Java
       programming language.}
}

@abbreviation{jre,
  short="JRE",
  long="Java Runtime Environment",
  description = {Allows end-users to run Java applications.}
}

@abbreviation{jvm,
  short="JVM",
  long="Java Virtual Machine",
  description = {Also known as the Java Runtime Environment.}
}

@abbreviation{mdi,
  short="MDI",
  long="multiple-Document interface",
  description = {A main (parent) window containing child
       windows allowing you to process several documents in
       parallel.}
}

@abbreviation{svg,
  prefix="an\space ",
  prefixfirst="a~",
  short="SVG",
  long="scalable vector graphics",
  description = {A Modularized language for describing
      two-dimensional vector and mixed
     \glslink{vectorgraphics}{vector}\slash\glslink{rastergraphics}{raster} graphics in XML.}
}

@abbreviation{cag,
 short={CAG},
 long={constructive area geometry},
 description={The process of creating new geometric objects by
performing boolean operations (such as union) on existing
objects.}
}

% FILE EXTENSIONS/FORMATS

@fileext{ext.tex, parent={fileextension}}
@fileext{ext.pdf, parent={fileextension}}
@fileext{ext.svg, parent={fileextension}}
@fileext{ext.xml, parent={fileextension}}
@fileext{ext.eps, parent={fileextension}}
@fileext{ext.sty, parent={fileextension}}
@fileext{ext.cls, parent={fileextension}}
@fileext{ext.tsv, parent={fileextension}}
@fileext{ext.png, parent={fileextension}}

% FILES

@file{file.flowframtk.jar}
@file{file.libgs}
@file{file.textmappings.prop}
@file{file.mathmappings.prop}
@file{file.preamble.tex}
@file{file.accelerators.prop}
@file{file.startup.conf}
@file{file.languages.conf}
@file{file.flowframtk.log}

@file{file.latexfontmap.prop}

@file{file.jpgfdraw.conf}

@file{file..flowframtk}

@file{file.flowframtk-settings}

@file{file.imagen.jdr,
  name={\metafilefmt{image}{n}{.jdr}}
}

@file{file.home/.flowframtk,
  name={\metafilefmt{}{home}{/.flowframtk}},
  see={file..flowframtk}
}

@file{file.home/flowframtk-settings,
  name={\metafilefmt{}{home}{/flowframtk-settings}},
  see={file.flowframtk-settings}
}

@file{file.settings}

@file{file.settings/user,
  name={\metafilefmt{settings/}{user}{}}
}

% PACKAGES

@package{pkg.flowfram,
 name={\styfmt{flow\-fram}}
}

@package{pkg.shapepar,
 name={\styfmt{shape\-par}}
}

@package{pkg.pgf}

@package{pkg.extsizes}

@package{pkg.inputenc}
@package{pkg.fontenc}
@package{pkg.fontspec}
@package{pkg.geometry}
@package{pkg.ifpdf}

@package{pkg.mathdesign,
 name={\styfmt{math\-design}}
}

% CLASSES

@class{cls.article}
@class{cls.extarticle}
@class{cls.a0poster}

% COUNTERS

@counter{ctr.page}

% COMMANDS

@command{large}
@command{Large}
@command{huge}
@command{input}
@command{pdfinfo}

@index{pdfinfo/Title,
 name={\code{/Title}},
 parent={pdfinfo}
}

@index{pdfinfo/CreationDate,
 name={\code{/CreationDate}},
 parent={pdfinfo}
}

@command{setfontsize,
 name={\csfmt{set\-font\-size}}
}

@command{shapepar,
 name={\csfmt{shape\-par}}
}

@command{Shapepar,
 name={\csfmt{Shape\-par}}
}

@command{parshape,
 name={\csfmt{par\-shape}}
}

@command{pgfimage,
 name={\csfmt{pgf\-image}}
}

@command{includegraphics,
 name={\csfmt{in\-clude\-graphics}}
}

@command{normalsize,
 name={\csfmt{normal\-size}}
}

@command{baselineskip,
 name={\csfmt{base\-line\-skip}}
}

@command{usepackage,
 name={\csfmt{use\-package}}
}

@command{RequirePackage,
 name={\csfmt{Require\-Package}}
}

@command{LoadClass,
 name={\csfmt{Load\-Class}}
}

% ENVIRONMENTS

@environment{env.pgfpicture,
 name={\envfmt{pgf\-picture}}
}

% ENVIRONMENT VARIABLES

@variable{PATH}

@variable{JDR_JVMOPTS,
 name={\varfmt{JDR\_JVM\-OPTS}}
}

@variable{FLOWFRAMTK_OPTS,
 name={\varfmt{FLOW\-FRAM\-TK\_OPTS}}
}

@variable{JPGFDRAW_OPTS,
 name={\varfmt{JPGF\-DRAW\_OPTS}}
}

@variable{JDRSETTINGS,
  name={\varfmt{JDRSETTINGS}}
}

% APPLICATIONS

@application{app.latex}
@application{app.pdflatex}
@application{app.lualatex}
@application{app.dvips}
@application{app.dvisvgm}

% SWITCHES

@switch{switch.help,
  parent={app.flowframtk},
  shortswitch={h},
  description={Prints help and exits}
}

@switch{switch.version,
  parent={app.flowframtk},
  shortswitch={v},
  description={Prints version information and exits}
}
  
@switch{switch.show_grid,
  parent={app.flowframtk},
  name={\longargfmt{show\_grid}},
  description={Show the grid}
}

@switch{switch.noshow_grid,
  parent={app.flowframtk},
  name={\longargfmt{noshow\_grid}},
  description={Don't show the \gls{grid}}
}

@switch{switch.lock_grid,
  parent={app.flowframtk},
  name={\longargfmt{lock\_grid}},
  description={Lock the grid}
}

@switch{switch.nolock_grid,
  parent={app.flowframtk},
  name={\longargfmt{nolock\_grid}},
  description={Don't lock the \gls{grid}}
}

@switch{switch.toolbar,
  parent={app.flowframtk},
  description={Show the \glspl{toolbar}}
}

@switch{switch.notoolbar,
  parent={app.flowframtk},
  description={Don't show the \glspl{toolbar}}
}

@switch{switch.statusbar,
  parent={app.flowframtk},
  description={Show the \glspl{statusbar}}
}

@switch{switch.nostatusbar,
  parent={app.flowframtk},
  description={Don't show the \glspl{statusbar}}
}

@switch{switch.ruler,
  parent={app.flowframtk},
  description={Show the \glspl{ruler}}
}

@switch{switch.noruler,
  parent={app.flowframtk},
  description={Don't show the \glspl{ruler}}
}

@switch{switch.paper,
  parent={app.flowframtk},
  syntax={\meta{specifier}},
  description={Set the \gls{paper} size where \meta{specifier}
is either a known \gls{paper} identifier (see \tableref{tab:papersizes})
or is the keyword \optfmt{user} followed by the width and height.}
}

@switch{switch.disable_print,
  parent={app.flowframtk},
  name={\longargfmt{disable\_print}},
  description={Disable the request for printer attributes on startup.}
}

@switch{switch.nodisable_print,
  parent={app.flowframtk},
  name={\longargfmt{no\-disable\_print}},
  description={Don't disable the request for printer attributes on startup.}
}

@switch{switch.experimental,
  parent={app.flowframtk},
  description={Enable experimental functions}
}

@switch{switch.noexperimental,
  parent={app.flowframtk},
  description={Don't enable experimental functions}
}

@switch{switch.debug,
  parent={app.flowframtk},
  description={Enable debugging mode}
}

@switch{switch.nodebug,
  parent={app.flowframtk},
  description={Don't enable debugging mode}
}


% GENERAL

@term{Java,
  description = {A platform-independent object-orientated language.}
}

@term{grid,
  description = {Tick marks located at regular intervals on the canvas. The grid can be locked so
     that new points will be placed at the tick nearest the specified
     position.}
}

@termplural{toolbar,
  description = {The two panels containing buttons, the horizontal toolbar is positioned at
    the top of \FlowframTk's main window, the vertical toolbar is
    positioned along the left edge of the main window.}
}

@index{statusbar,
  name="status bar",
  description = {The status bar is the horizontal panel positioned along the bottom of
    \FlowframTk's main window.}
}

@indexplural{ruler,
 description = {The two panels containing the horizontal and
vertical rulers.}
}

@index{canvas,
  plural="canvases",
  description = {The white area on which you construct your picture.}
}

@index{shape,
  description = {Either a path, text-path or a composite shape.}
}

@index{path,
  description = {A shape made up of line segments, moves and cubic
BÃ©zier segments.}
}

@index{textarea,
  name="text area",
  description = {An object consisting of a single line of text. The text may be moved,
    scaled, rotated, sheared or converted to a path.}
}

@index{textpath,
  name="text-path",
  description = {A composite object formed by combining a path and a text area
    to create a text along a path effect. The underlying path is
    only visible when editing the text-path object using the edit path
    function. Transformations (rotating, scaling and shearing) are
    applied to the path not to the text.}
}

@index{compositeshape,
  name="composite shape",
  description = {A shape that is described by an underlying shape
    and a means of transforming it, such as apply symmetry or
replicas.}
}

@index{symmetricshape,
  name="symmetric shape",
  description = {A \gls{compositeshape} with \gls{symmetry} formed by the underlying shape
    being combined with its reflection in a \gls{line-of-symmetry}. Depending on how it's
    created, the symmetric shape may be drawn as a single shape, or the
    underlying shape and its reflection may be drawn independently of
    each other. The \gls{line-of-symmetry} has two
    \glspl{line-of-symmetry.controlpt} that can be
    adjusted to change the overall shape.}
}

@index{pattern,
 description = {A composite shape formed by repeatedly applying a given
    transformation on a shape. Each pattern has a specified number of
    replicas. The underlying shape may or may not be visible. The
    pattern mode determines whether the underlying path and replicas are
    drawn in one go (single mode) or whether they are drawn
    independently of each other (multi-mode). Transformations (rotating,
    scaling and shearing) are applied to the path not to the text.}
}

@index{rotationalpattern,
  name="rotational pattern",
  description = {A pattern where the replicas are created
    by rotating the underlying path. In addition to the control points
    defining the underlying shape, rotational patterns also have a control
    point that governs the point of rotation.}
}

@index{scaledpattern,
  name="scaled pattern",
  description = {A pattern where the replicas are created
    by scaling the underlying path. In addition to the control points
    defining the underlying shape, scaled patterns also have two control
    points governing the scale anchor and the scale direction.}
}

@index{spiralpattern,
  name="spiral pattern",
  description = {A pattern where the replicas are created
    by rotating and translating the underlying path so that the replicas
    are aligned along a spiral. In addition to the control points
    defining the underlying shape, spiral patterns also have two control points
    that govern the anchor and offset.}
}

@index{pathattributes,
  name="path attributes",
  description = {The line \manualtext{colour}, fill \manualtext{colour} and line styles for the path.}
}

@index{textattributes,
  name="text attributes",
  description = {The text \manualtext{colour} and font.}
}

@index{storageunit,
  name="storage unit",
  description = {The length unit used when storing co-ordinates. The default unit
    is bp (PostScript point) but may be changed in the configuration
    dialog.}
}

@index{controlpt,
  name="control point",
  description = {The points that define a path. Line segments and gaps have two control
    points, at the start and end, cubic BÃ©zier segments have four
    control points: one at the start of the segment, one at the end of
    the segment, and two others that define the curvature of the segment.
    Adjacent segments share a common control point. When a path is under
    construction, or is being edited, the control points are shown as
    orange or red squares. Composite paths also have control points that
    govern how the full path is created from the underlying shape. The
    composite control points are \manualtext{coloured} differently to the standard
    path controls.}
}

@index{ptindex,
  name="control point index",
  plural="control point indexes",
  description = {Each control point defining a given path or composite
    shape has an index relative to the initial control point (at the
    start of the path). Use \accelerator{menu.editpath.next_control}
    (in edit path mode) to cycle
    through the points in increasing order of index.}
}

@index{object,
 description =  {A path, text area, text-path, bitmap or group.}
}

@index{group,
  description = {A collection of \glspl{object} treated as a
single entity.}
}

@index{bbox,
  name="bounding box",
  plural="bounding boxes",
  description = {The smallest rectangle that encompasses the \gls{object}.}
}

@index{stack,
  description = {List of \glspl{object} that make up the image, 
    in the order in which they should be painted on the canvas.
    A \gls{group} is essentially a sub-stack.}
}

@index{stackingorder,
  name="stacking order",
  description={The order in which \glspl{object} are painted on the canvas.
    To determine the reverse stacking order, deselect all objects, then
    use \accelerator{navigate.skip} to cycle through the stack starting from the
    frontmost object. Reverse this list to obtain the stacking order.
    Note that the frontmost object is the last object in the \gls{stack}, not
    the first.}
}

@index{frontobject,
  name="frontmost object",
  description = {The last object to be painted on the canvas.}
}

@index{front, alias="frontobject"}

@index{backobject,
  name="backmost object",
  description = {The first object to be painted on the canvas.}
}

@index{back, alias="backobject"}

@index{vectorgraphics,
  name="vector graphics",
  description = {A means of describing images through the use of
points, lines and curves.}
}

@index{rastergraphics,
  name="raster graphics",
  alias={bitmap}
}

@index{bitmap,
  description={Representing images as a collection of pixels.}
}

@index{construction,
  name="construction mode",
  description = {Any of the tools except the select tool.}
}

@index{pt,
  description = {\TeX's point. Not to be confused with bp (a PostScript point).
    72.27pt=1in.}
}

@index{bp,
  description = {\TeX's \qt{big point}. This is the same as a PostScript point.
    72bp=1in.}
}

@index{dropdown,
  name="drop-down list",
  description = {A \gls{gui} element that allows a user to choose one value from a list.
    When inactive, it only displays the selected value. When activated
    (usually by pressing an arrow button to on one side) it displays
    a list of all available values from which the user can select
    the required value.}
}

@index{combobox,
  name="combo box",
  description = {A \gls{gui} element similar to a drop-down list, but can be edited if the
    required value is not in the list.}
}

@index{checkbox,
  description = {A \gls{gui} element with two states: on (true) and off (false).}
}

@index{recto,
  description = {The \qt{front} side of a leaf of \gls{paper} (the right or
odd-numbered page).}
}

@index{verso,
  description = {The \qt{back} side of a leaf of \gls{paper} (the left
or even-numbered page).}
}

@index{popupmenu,
  name={popup (or context) menu},
  text={popup menu},
  description={A menu whose items vary depending on the context. These
    menus are usually invoked with the \glslink{menuclick}{menu or secondary mouse button}. In
    \FlowframTk\ it is also possible to invoke popup menus using
    \accelerator{popup} or your keyboard may have a context-menu
    \accelerator{context_menu} key.},
  see={index.menu.textarea,index.menu.editpath,index.menu.distort,index.menu.selectedtextpath,index.menu.selectedtext,index.menu.selectedpath,index.menu.selectedbitmap,index.menu.selectedgroup,index.menu.selected,index.menu.none}
}

@index{context-menu,
 name={context menu},
 alias={popupmenu}
}

@term{robot,
 description={a system for mimicking input events, such as mouse
movements. This is used to allow fine movements of the pointer with
the cursor keys or for moving the pointer to a specific location on
the canvas (such as with the \gls{menu.navigate.goto} and
\gls{menu.navigate.find} functions). Some platforms or environments
may prohibit some or all robot functions. If this occurs, you may
receive the warning \warnmsg{no_robot}}
}

@index{menuclick,
  name="menu-click",
  description = {Click the mouse button that activates
    \glspl{context-menu}. This depends
    on your mouse configuration. For example, this is typically the right
    button on a two-button right-handed
    mouse, but may be the left button on a left-handed mouse or
    the middle button on three button mouse.}
}

@index{primaryclick,
  name="primary-click",
  description = {\Gls{click} the \gls{primary-mouse-button}.}
}

@term{primary-mouse-button,
  name="primary mouse button",
  description = {This depends on your
    mouse configuration. For example, the primary button is typically the left button
    on a two-button right-handed mouse, but may be the right button on a
    left-handed mouse. For devices with a trackpad, this should be
interpreted as tapping the appropriate side of the pad.}
}

@index{doubleclick,
  name="double-click",
  description = {Press and release the mouse button twice in rapid succession.
    If no button is specified, assume the primary button.}
}

@term{click,
  description = {Press and release a mouse button (or tap on the
    touchpad, if applicable). If the button isn't specified, 
    assume the \gls{primary-mouse-button}.}
}

@index{config_dir,
  name="configuration directory",
  description = {This directory contains application settings, the list of recent files and 
    mapping files. It's also the location used for log files and the
dump all function.}
}

@index{normal-font-size,
 name={normal font size}
}

@index{anti-aliasing}
@index{rendering}

@index{drawing-on-canvas,
 name={drawing (painting on canvas)},
 text={drawing},
 alias={painting}
}

@index{painting,
 name={painting (on canvas)},
 text={painting},
 see={anti-aliasing,rendering}
}

@index{look-and-feel,
 name={look and feel}
}

@index{drag-and-drop,
 name={drag and drop}
}

@index{font-mappings,
  name={font mappings}
}

@index{gap}

@index{move-to,
  name={move to},
  see={gap}
}

@indexplural{hotspot}

@index{selection-bbox,
 name={selection bounding box},
 plural={selection bounding boxes},
 seealso={bbox}
}

@index{Bezier-curve,
 name={BÃ©zier curve}
}

@indexplural{curve,
 see={Bezier-curve}
}

@index{pattern.anchor,
 parent={pattern},
 name={anchor}
}

@index{pattern.adjustment-controlpt,
 parent={pattern},
 name={adjustment control point}
}

@index{continuity}

@index{continuity.anchor,
 parent={continuity},
 name={anchor}
}

@indexplural{curvature-controlpt,
 text = {curvature control point}
}

@index{curvature-controlpt.continuity,
 parent={curvature-controlpt},
 name={continuity},
 alias={continuity}
}

@index{gradient,
 name={gradient (slope)},
 text={gradient},
 seealso={curvature-controlpt,continuity}
}

@index{translucency,
 see={index.colour.transparency}
}

@index{opacity,
 see={index.colour.transparency}
}

@index{shading,
 alias={index.paint.shading}
}

@index{symmetry,
 seealso={symmetricshape}
}

@index{symmetry.line,
 parent={symmetry},
 name={line},
 alias={line-of-symmetry}
}

@index{line-of-symmetry,
 name={line of symmetry},
 seealso={symmetricshape}
}

@index{line-of-symmetry.anchor,
 parent={line-of-symmetry},
 name={anchor}
}

@indexplural{line-of-symmetry.controlpt,
 parent={line-of-symmetry},
 text={control point}
}

@index{anchor,
 see={continuity.anchor,line-of-symmetry.anchor,pattern.anchor,index.text-attribute.anchor}
}

@index{linear-gradient-paint,
 name={linear gradient paint},
 text={linear},
 alias={index.gradient-paint.linear}
}

@index{linear-gradient-direction,
 name={linear gradient direction},
 text={direction},
 alias={index.gradient-paint.direction}
}

@index{radial-gradient-paint,
 name={radial gradient paint},
 text={radial},
 alias={index.gradient-paint.radial}
}

@index{radial-gradient-start-location,
 name={radial gradient start location},
 text={start location},
 alias={index.gradient-paint.centre}
}

@index{image}

@index{image.description,
 parent={image},
 name={description}
}
@indexplural{image.typeblock,
 parent={image},
 name={typeblock}
}

@indexplural{image.bbox,
 parent={image},
 name={bounding box}
}

@indexplural{margin,
 see={image.typeblock,paper.margin}
}

@index{paper}

@indexplural{paper.margin,
  parent={paper},
  text={margin}
}

@index{printing}

@indexplural{printer-margin,
 text={printer margin},
 alias={paper.margin}
}

@index{paper.size,
  parent={paper},
  name={size}
}

@index{paper.orientation,
  parent={paper},
  name={orientation}
}

@index{page-layout,
 name={page layout},
 see={image.typeblock,paper}
}

@index{document-class,
 name={document class}
}

@index{cag.addition,
 parent={cag},
 name={addition (union)},
 text={addition}
}

@index{union,alias={cag.addition}}

@index{cag.intersection,
 parent={cag},
 name={intersection}
}

@index{cag.subtraction,
 parent={cag},
 name={subtraction}
}

@index{cag.xor,
 parent={cag},
 name={exclusive or (xor)},
 text={exclusive or}
}

@index{xor,alias={cag.xor}}

@indexplural{affine-transformation,
 text={affine transformation}
}

@index{affine-transformation.translation,
 parent={affine-transformation},
 name={translation}
}

@index{affine-transformation.rotation,
 parent={affine-transformation},
 name={rotation}
}

@index{affine-transformation.scaling,
 parent={affine-transformation},
 name={scaling}
}

@index{affine-transformation.shearing,
 parent={affine-transformation},
 name={shearing}
}

@index{edit-path-mode,
 name={edit path mode}
}

% PUNCTUATION

@punctuation{mshift,
 symbol={\code{\$}},
 description={\manmsg{maths}-shift}
}

@punctuation{bksl,
  symbol={\code{\char`\\ }},
  description={backslash}
}

@cspunctuation{dbbksl,
  symbol={\cspuncfmt{\char`\\ }},
  description={new row}
}

@punctuation{percent,
  symbol={\code{\char`\% }},
  description={percent}
}

@punctuation{hash,
  symbol={\code{\char`\# }},
  description={hash}
}

@punctuation{forwardslash,
  symbol={\code{/}},
  description={forward slash}
}

@punctuation{pipe,
  symbol={\code{|}},
  description={pipe},
  see={pgf.delimiter}
}

@indexplural{pgf.delimiter,
 parent={sty.pgf},
 text={delimiter}
}
