@book{Hoschuli,
 author={Jost Hoschuli and Robin Kinross},
 title={Designing books: practice and theory},
 publisher={Hyphen Press},
 address={London},
 year=2007,
 isbn={ISBN 0-907259-23-5}
}

@book{Knuth,
 author = {Donald E. Knuth},
 title={The {\TeX book}},
 publisher={Addison-Wesley Publishing Company},
 year = 1986
}
