% Encoding: UTF-8

@application{app.ajr2ajr}
@application{app.ajr2jdr}
@application{app.ajr2tex}
@application{app.eps2jdr}
@application{app.jdr2ajr}
@application{app.jdr2eps}
@application{app.jdr2png}
@application{app.jdr2svg}
@application{app.jdr2tex}
@application{app.svg2jdr}
