% Encoding: UTF-8


% SWITCHES

@switch{switch.help,
  parent={app.jdrview},
  shortswitch={h},
  description={Prints help and exits}
}

@switch{switch.version,
  parent={app.jdrview},
  shortswitch={v},
  description={Prints version information and exits}
}
  
