% Encoding: UTF-8

@preamble{"\providecommand{\FlowframTk}{FlowframTk}"}

% ABBREVIATIONS

@abbreviation{gui,
  short="GUI",
  long="graphical user interface",
  description = {An application with windows and buttons in which the user
      can point and click with the mouse.}
}

@abbreviation{mdi,
  short="MDI",
  long="multiple-Document interface",
  description = {A main (parent) window containing child
       windows allowing you to process several documents in
       parallel.}
}

@abbreviation{jre,
  short="JRE",
  long="Java Runtime Environment",
  description = {Allows end-users to run Java applications.}
}

@abbreviation{jvm,
  short="JVM",
  long="Java Virtual Machine",
  description = {Also known as the \glsxtrfull{jre}.}
}

@commonabbreviation{pdf,
  short = {PDF},
  long = {portable document format}
}

@commonabbreviation{html,
  short = {HTML},
  long = {hypertext markup language}
} 
  
@commonabbreviation{xml,
  short = {XML},
  long = {extensible markup language}
} 

@entry{AJR,
  name="AJR",
  description = {\FlowframTk's native ASCII format. Files in this format 
      should have the extension \ext{ajr}. This format is 
      primarily provided to assist conversion to and from \gls{JDR} files 
      or for version control.},
 defaultkeys={format=glsignore}
}

@entry{JDR,
   name="JDR",
   description = {\FlowframTk's native binary format. Files in this format 
      should have the extension \ext{jdr}. The abbreviation comes
      from the precursor \glslink{JpgfDraw}{\strong{J}pgf\strong{Dr}aw}.},
 defaultkeys={format=glsignore}
}

@term{object,
 description =  {A path, text area, text-path, bitmap or group.},
 defaultkeys={format=glsignore}
}

% ENVIRONMENT VARIABLES

@variable{JDR_JVMOPTS,
 name={\varfmt{JDR\_JVM\-OPTS}}
}

% FILE EXTENSIONS/FORMATS

@indexplural{fileextension, name={file extension}}

@fileext{ext.jdr, parent={fileextension}}
@fileext{ext.ajr, parent={fileextension}}
@fileext{ext.jar, parent={fileextension}}

% FILES

@file{file.flowframtk.conf}

% APPLICATIONS

@application{app.flowframtk,
  name={\appfmt{flow\-fram\-tk}},
  syntax={\meta{options} \meta{filename} \ldots\ \meta{filename}}
}

@application{app.jdrview,
  name={\appfmt{jdr\-view}},
  syntax={\meta{options} \meta{filename}}
}


@index{JpgfDraw,
 description={The precursor to \FlowframTk\ (\strong{J}ava
\strong{pgf}-code generating \strong{draw}ing application).
The original JpgfDraw code was refactored and renamed \FlowframTk.). 
}
}
